=LDR  00488cz  a2200157n  4500
=001  617109
=005  20180612074204.0
=008  860219n|\azannaabn\\\\\\\\\\\n\aaa\\\\\\
=010  \\$an  85290005 
=035  \\$a(OCoLC)oca01548748
=040  \\$aDLC$beng$erda$cDLC$dDLC$dCoU
=046  \\$f1941-03-29$2edtf
=100  1\$aStewart, James,$d1941-
=372  \\$aCalculus$aGeometry, Analytic$2lcsh
=670  \\$aHis Calculus and analytic geometry, 1986:$bCIP t.p. (James Stewart) data sheet (b. 3/29/41)
=953  \\$abr25

